<?xml version="1.0" encoding="UTF-8"?>
  <record xmlns="http://www.loc.gov/MARC21/slim" type="Authority">
    <leader>00000nz  a2200000oc 4500</leader>
    <controlfield tag="001">100752667</controlfield>
    <controlfield tag="003">DE-101</controlfield>
    <controlfield tag="005">20211221135725.0</controlfield>
    <controlfield tag="008">900618n||aznnnaabn           | aaa    |c</controlfield>
    <datafield tag="024" ind1="7" ind2=" ">
      <subfield code="a">100752667</subfield>
      <subfield code="0">http://d-nb.info/gnd/100752667</subfield>
      <subfield code="2">gnd</subfield>
    </datafield>
    <datafield tag="035" ind1=" " ind2=" ">
      <subfield code="a">(DE-101)100752667</subfield>
    </datafield>
    <datafield tag="035" ind1=" " ind2=" ">
      <subfield code="a">(DE-588)100752667</subfield>
    </datafield>
    <datafield tag="035" ind1=" " ind2=" ">
      <subfield code="z">(DE-588a)100752667</subfield>
      <subfield code="9">v:zg</subfield>
    </datafield>
    <datafield tag="035" ind1=" " ind2=" ">
      <subfield code="z">(DE-588a)140128638</subfield>
    </datafield>
    <datafield tag="040" ind1=" " ind2=" ">
      <subfield code="a">DE-12</subfield>
      <subfield code="c">DE-12</subfield>
      <subfield code="9">r:DE-12</subfield>
      <subfield code="b">ger</subfield>
      <subfield code="d">2214</subfield>
    </datafield>
    <datafield tag="042" ind1=" " ind2=" ">
      <subfield code="a">gnd6</subfield>
    </datafield>
    <datafield tag="043" ind1=" " ind2=" ">
      <subfield code="c">XA-IT</subfield>
    </datafield>
    <datafield tag="075" ind1=" " ind2=" ">
      <subfield code="b">p</subfield>
      <subfield code="2">gndgen</subfield>
    </datafield>
    <datafield tag="075" ind1=" " ind2=" ">
      <subfield code="b">piz</subfield>
      <subfield code="2">gndspec</subfield>
    </datafield>
    <datafield tag="079" ind1=" " ind2=" ">
      <subfield code="a">g</subfield>
      <subfield code="q">a</subfield>
      <subfield code="q">f</subfield>
      <subfield code="q">h</subfield>
    </datafield>
    <datafield tag="100" ind1="0" ind2=" ">
      <subfield code="a">Carolus Felix</subfield>
      <subfield code="c">a Sancta Theresia</subfield>
      <subfield code="d">1641-1712</subfield>
    </datafield>
    <datafield tag="400" ind1="0" ind2=" ">
      <subfield code="a">Karl Felix</subfield>
      <subfield code="c">a Santa Teresia</subfield>
      <subfield code="d">1641-1712</subfield>
    </datafield>
    <datafield tag="400" ind1="0" ind2=" ">
      <subfield code="a">Carl Felix</subfield>
      <subfield code="c">a Santa Teresia</subfield>
      <subfield code="d">1641-1712</subfield>
    </datafield>
    <datafield tag="400" ind1="0" ind2=" ">
      <subfield code="a">Carl Felix</subfield>
      <subfield code="c">a Sancta Theresia</subfield>
      <subfield code="d">1641-1712</subfield>
    </datafield>
    <datafield tag="400" ind1="0" ind2=" ">
      <subfield code="a">Karl Felix</subfield>
      <subfield code="c">a Sancta Theresia</subfield>
      <subfield code="d">1641-1712</subfield>
    </datafield>
    <datafield tag="400" ind1="0" ind2=" ">
      <subfield code="a">Carolus Felix</subfield>
      <subfield code="c">von der H. Theresia</subfield>
      <subfield code="d">1641-1712</subfield>
    </datafield>
    <datafield tag="400" ind1="0" ind2=" ">
      <subfield code="a">Carl Felix</subfield>
      <subfield code="c">von der H. Theresia</subfield>
      <subfield code="d">1641-1712</subfield>
    </datafield>
    <datafield tag="400" ind1="0" ind2=" ">
      <subfield code="a">Karl Felix</subfield>
      <subfield code="c">von der H. Theresia</subfield>
      <subfield code="d">1641-1712</subfield>
    </datafield>
    <datafield tag="400" ind1="0" ind2=" ">
      <subfield code="a">Carolus Felix</subfield>
      <subfield code="c">von der Hl. Theresia</subfield>
      <subfield code="d">1641-1712</subfield>
    </datafield>
    <datafield tag="400" ind1="0" ind2=" ">
      <subfield code="a">Carl Felix</subfield>
      <subfield code="c">von der Hl. Theresia</subfield>
      <subfield code="d">1641-1712</subfield>
    </datafield>
    <datafield tag="400" ind1="0" ind2=" ">
      <subfield code="a">Karl Felix</subfield>
      <subfield code="c">von der Hl. Theresia</subfield>
      <subfield code="d">1641-1712</subfield>
    </datafield>
    <datafield tag="400" ind1="0" ind2=" ">
      <subfield code="a">Carolus Felix</subfield>
      <subfield code="c">von der Heiligen Theresia</subfield>
      <subfield code="d">1641-1712</subfield>
    </datafield>
    <datafield tag="400" ind1="0" ind2=" ">
      <subfield code="a">Carl Felix</subfield>
      <subfield code="c">von der Heiligen Theresia</subfield>
      <subfield code="d">1641-1712</subfield>
    </datafield>
    <datafield tag="400" ind1="0" ind2=" ">
      <subfield code="a">Karl Felix</subfield>
      <subfield code="c">von der Heiligen Theresia</subfield>
      <subfield code="d">1641-1712</subfield>
    </datafield>
    <datafield tag="400" ind1="1" ind2=" ">
      <subfield code="a">Slavata, Jan Karel Jáchym</subfield>
      <subfield code="d">1641-1712</subfield>
    </datafield>
    <datafield tag="400" ind1="1" ind2=" ">
      <subfield code="a">Slawata, Johann Carl Joachim</subfield>
      <subfield code="d">1641-1712</subfield>
    </datafield>
    <datafield tag="400" ind1="1" ind2=" ">
      <subfield code="a">Slawata, Johann Karl Joachim</subfield>
      <subfield code="d">1641-1712</subfield>
    </datafield>
    <datafield tag="400" ind1="1" ind2=" ">
      <subfield code="a">Slavata, Johann Karl Joachim</subfield>
      <subfield code="d">1641-1712</subfield>
    </datafield>
    <datafield tag="400" ind1="1" ind2=" ">
      <subfield code="a">Slavata, Johann Carl Joachim</subfield>
      <subfield code="d">1641-1712</subfield>
    </datafield>
    <datafield tag="400" ind1="1" ind2=" ">
      <subfield code="a">Slawata, Joannes Carolus Joachimus</subfield>
      <subfield code="d">1641-1712</subfield>
    </datafield>
    <datafield tag="400" ind1="1" ind2=" ">
      <subfield code="a">Slawata de Neuhauss, Joannes Carolus Joachimus</subfield>
      <subfield code="d">1641-1712</subfield>
    </datafield>
    <datafield tag="400" ind1="1" ind2=" ">
      <subfield code="a">Slawata von Neuhaus, Johann Carl Joachim</subfield>
      <subfield code="d">1641-1712</subfield>
    </datafield>
    <datafield tag="400" ind1="1" ind2=" ">
      <subfield code="a">Slawata von Neuhaus, Johann Karl Joachim</subfield>
      <subfield code="d">1641-1712</subfield>
    </datafield>
    <datafield tag="400" ind1="1" ind2=" ">
      <subfield code="a">Slawata von Chlum und Koschumberg, Johann Carl Joachim</subfield>
      <subfield code="d">1641-1712</subfield>
    </datafield>
    <datafield tag="400" ind1="1" ind2=" ">
      <subfield code="a">Slawata von Chlum und Koschumberg, Johann Karl Joachim</subfield>
      <subfield code="d">1641-1712</subfield>
    </datafield>
    <datafield tag="400" ind1="1" ind2=" ">
      <subfield code="a">Slavata von Chlum und Koschumberg, Johann Carl Joachim</subfield>
      <subfield code="d">1641-1712</subfield>
    </datafield>
    <datafield tag="400" ind1="1" ind2=" ">
      <subfield code="a">Slavata von Chlum und Koschumberg, Johann Karl Joachim</subfield>
      <subfield code="d">1641-1712</subfield>
    </datafield>
    <datafield tag="400" ind1="1" ind2=" ">
      <subfield code="a">Slawata de Chlum et Kossumberg, Joannes Carolus Joachimus</subfield>
      <subfield code="d">1641-1712</subfield>
    </datafield>
    <datafield tag="400" ind1="1" ind2=" ">
      <subfield code="a">Slavata z Chlumu a Košumberka, Jan Karel Jáchym</subfield>
      <subfield code="d">1641-1712</subfield>
    </datafield>
    <datafield tag="400" ind1="1" ind2=" ">
      <subfield code="a">Slavata z Chlumu a z Košumberka, Jan Karel Jáchym</subfield>
      <subfield code="d">1641-1712</subfield>
    </datafield>
    <datafield tag="500" ind1="1" ind2=" ">
      <subfield code="0">(DE-101)102081490X</subfield>
      <subfield code="0">(DE-588)102081490X</subfield>
      <subfield code="0">https://d-nb.info/gnd/102081490X</subfield>
      <subfield code="a">Slavata, Jáchym Oldřich &#152;von&#156;</subfield>
      <subfield code="d">1606-1645</subfield>
      <subfield code="4">bezf</subfield>
      <subfield code="4">https://d-nb.info/standards/elementset/gnd#familialRelationship</subfield>
      <subfield code="w">r</subfield>
      <subfield code="i">Beziehung familiaer</subfield>
      <subfield code="e">Beziehung familiaer</subfield>
      <subfield code="9">v:Vater</subfield>
    </datafield>
    <datafield tag="510" ind1="2" ind2=" ">
      <subfield code="0">(DE-101)004047613</subfield>
      <subfield code="0">(DE-588)1008634-1</subfield>
      <subfield code="0">https://d-nb.info/gnd/1008634-1</subfield>
      <subfield code="a">Unbeschuhte Karmeliten</subfield>
      <subfield code="4">affi</subfield>
      <subfield code="4">https://d-nb.info/standards/elementset/gnd#affiliation</subfield>
      <subfield code="w">r</subfield>
      <subfield code="i">Affiliation</subfield>
      <subfield code="e">Affiliation</subfield>
    </datafield>
    <datafield tag="548" ind1=" " ind2=" ">
      <subfield code="a">1641-1712</subfield>
      <subfield code="4">datl</subfield>
      <subfield code="4">https://d-nb.info/standards/elementset/gnd#dateOfBirthAndDeath</subfield>
      <subfield code="w">r</subfield>
      <subfield code="i">Lebensdaten</subfield>
    </datafield>
    <datafield tag="548" ind1=" " ind2=" ">
      <subfield code="a">13.01.1641-21.07.1712</subfield>
      <subfield code="4">datx</subfield>
      <subfield code="4">https://d-nb.info/standards/elementset/gnd#dateOfBirthAndDeath</subfield>
      <subfield code="w">r</subfield>
      <subfield code="i">Exakte Lebensdaten</subfield>
    </datafield>
    <datafield tag="550" ind1=" " ind2=" ">
      <subfield code="0">(DE-101)040399028</subfield>
      <subfield code="0">(DE-588)4039902-3</subfield>
      <subfield code="0">https://d-nb.info/gnd/4039902-3</subfield>
      <subfield code="a">Mönch</subfield>
      <subfield code="4">berc</subfield>
      <subfield code="4">https://d-nb.info/standards/elementset/gnd#professionOrOccupation</subfield>
      <subfield code="w">r</subfield>
      <subfield code="i">Charakteristischer Beruf</subfield>
    </datafield>
    <datafield tag="550" ind1=" " ind2=" ">
      <subfield code="0">(DE-101)948788623</subfield>
      <subfield code="0">(DE-588)4426643-1</subfield>
      <subfield code="0">https://d-nb.info/gnd/4426643-1</subfield>
      <subfield code="a">Generaloberer</subfield>
      <subfield code="4">beru</subfield>
      <subfield code="4">https://d-nb.info/standards/elementset/gnd#professionOrOccupation</subfield>
      <subfield code="w">r</subfield>
      <subfield code="i">Beruf</subfield>
    </datafield>
    <datafield tag="667" ind1=" " ind2=" ">
      <subfield code="a">12</subfield>
    </datafield>
    <datafield tag="667" ind1=" " ind2=" ">
      <subfield code="a">VD-17</subfield>
    </datafield>
    <datafield tag="670" ind1=" " ind2=" ">
      <subfield code="a">Wikipedia</subfield>
      <subfield code="u">https://cs.wikipedia.org/wiki/Jan_Karel_J%C3%A1chym_Slavata_z_Chlumu_a_Ko%C5%A1umberka</subfield>
    </datafield>
    <datafield tag="672" ind1=" " ind2="0">
      <subfield code="a">Pretium Veritatis Ab Angelo Custode In Falcone Bizantino Demonstratum. - 1659</subfield>
    </datafield>
    <datafield tag="672" ind1=" " ind2="0">
      <subfield code="a">Johannes &lt;ab Annunciatione&gt;: Epistolae pastorales. - 1746</subfield>
    </datafield>
    <datafield tag="675" ind1=" " ind2=" ">
      <subfield code="a">WBIS</subfield>
      <subfield code="a">LCAuth</subfield>
    </datafield>
    <datafield tag="678" ind1=" " ind2=" ">
      <subfield code="b">Karmelit; Reichsgraf von Neuhaus; 1680-1683 Ordensgeneral der unbeschuhten Karmeliten in Rom; letzter männlicher Nachkomme der Slavata</subfield>
    </datafield>
    <datafield tag="913" ind1=" " ind2=" ">
      <subfield code="S">pnd</subfield>
      <subfield code="i">5</subfield>
      <subfield code="a">Carolus Felix &lt;a Sancta Theresia&gt;</subfield>
      <subfield code="0">(DE-588a)100752667</subfield>
    </datafield>
  </record>
